@inproceedings{sne,
  title={Stochastic neighbor embedding},
  author={Hinton, Geoffrey E and Roweis, Sam T},
  booktitle={Advances in Neural Information Processing Systems},
  pages={857--864},
  year={2003}
}

@article{tsne,
  title={Visualizing data using t-SNE},
  author={van der Maaten, Laurens and Hinton, Geoffrey},
  journal={Journal of Machine Learning Research},
  volume={9},
  number={Nov},
  pages={2579--2605},
  year={2008}
}


@article{bh_tsne,
  title={Accelerating t-SNE using tree-based algorithms.},
  author={van der Maaten, Laurens},
  journal={Journal of Machine Learning Research},
  volume={15},
  number={1},
  pages={3221--3245},
  year={2014}
}

@article{momentum,
  title={Increased rates of convergence through learning rate adaptation},
  author={Jacobs, Robert A},
  journal={Neural Networks},
  volume={1},
  number={4},
  pages={295--307},
  year={1988},
  publisher={Elsevier}
}

@article{fi_tsne,
  title={Fast interpolation-based t-SNE for improved visualization of single-cell RNA-seq data},
  author={Linderman, George C and Rachh, Manas and Hoskins, Jeremy G and Steinerberger, Stefan and Kluger, Yuval},
  journal={Nature Methods},
  volume={16},
  number={3},
  pages={243},
  year={2019},
  publisher={Nature Publishing Group}
}


@article{multiscale_tsne,
  title={Multi-scale similarities in stochastic neighbour embedding: Reducing dimensionality while preserving both local and global structure},
  author={Lee, John A and Peluffo-Ord{\'o}{\~n}ez, Diego H and Verleysen, Michel},
  journal={Neurocomputing},
  volume={169},
  pages={246--261},
  year={2015},
  publisher={Elsevier}
}


@article{art_of_using_tsne,
  title={The art of using t-SNE for single-cell transcriptomics},
  author={Kobak, Dmitry and Berens, Philipp},
  journal={bioRxiv},
  pages={453449},
  year={2018},
  publisher={Cold Spring Harbor Laboratory}
}


% TRANSFORM
@inproceedings{parametric_tsne,
  title={Learning a parametric embedding by preserving local structure},
  author={Maaten, Laurens},
  booktitle={Artificial Intelligence and Statistics},
  pages={384--391},
  year={2009}
}


@article{kernel_tsne_transform,
  title={Parametric nonlinear dimensionality reduction using kernel t-SNE},
  author={Gisbrecht, Andrej and Schulz, Alexander and Hammer, Barbara},
  journal={Neurocomputing},
  volume={147},
  pages={71--82},
  year={2015},
  publisher={Elsevier}
}


% DATA SETS
% pancreas
@article{baron2016,
  title={A single-cell transcriptomic map of the human and mouse pancreas reveals inter-and intra-cell population structure},
  author={Baron, Maayan and Veres, Adrian and Wolock, Samuel L and Faust, Aubrey L and Gaujoux, Renaud and Vetere, Amedeo and Ryu, Jennifer Hyoje and Wagner, Bridget K and Shen-Orr, Shai S and Klein, Allon M and others},
  journal={Cell Systems},
  volume={3},
  number={4},
  pages={346--360},
  year={2016},
  publisher={Elsevier}
}

@article{xin2016,
  title={RNA sequencing of single human islet cells reveals type 2 diabetes genes},
  author={Xin, Yurong and Kim, Jinrang and Okamoto, Haruka and Ni, Min and Wei, Yi and Adler, Christina and Murphy, Andrew J and Yancopoulos, George D and Lin, Calvin and Gromada, Jesper},
  journal={Cell Metabolism},
  volume={24},
  number={4},
  pages={608--615},
  year={2016},
  publisher={Elsevier}
}

% brain
@article{hrvatin2018,
  title={Single-cell analysis of experience-dependent transcriptomic states in the mouse visual cortex},
  author={Hrvatin, Sinisa and Hochbaum, Daniel R and Nagy, M Aurel and Cicconet, Marcelo and Robertson, Keiramarie and Cheadle, Lucas and Zilionis, Rapolas and Ratner, Alex and Borges-Monroy, Rebeca and Klein, Allon M and others},
  journal={Nature Neuroscience},
  volume={21},
  number={1},
  pages={120},
  year={2018},
  publisher={Nature Publishing Group}
}

@article{chen2017,
  title={Single-cell RNA-seq reveals hypothalamic cell diversity},
  author={Chen, Renchao and Wu, Xiaoji and Jiang, Lan and Zhang, Yi},
  journal={Cell Reports},
  volume={18},
  number={13},
  pages={3227--3241},
  year={2017},
  publisher={Elsevier}
}

% retina
@article{macosko2015,
  title={Highly parallel genome-wide expression profiling of individual cells using nanoliter droplets},
  author={Macosko, Evan Z and Basu, Anindita and Satija, Rahul and Nemesh, James and Shekhar, Karthik and Goldman, Melissa and Tirosh, Itay and Bialas, Allison R and Kamitaki, Nolan and Martersteck, Emily M and others},
  journal={Cell},
  volume={161},
  number={5},
  pages={1202--1214},
  year={2015},
  publisher={Elsevier}
}

@article{shekhar2016,
  title={Comprehensive classification of retinal bipolar neurons by single-cell transcriptomics},
  author={Shekhar, Karthik and Lapan, Sylvain W and Whitney, Irene E and Tran, Nicholas M and Macosko, Evan Z and Kowalczyk, Monika and Adiconis, Xian and Levin, Joshua Z and Nemesh, James and Goldman, Melissa and others},
  journal={Cell},
  volume={166},
  number={5},
  pages={1308--1323},
  year={2016},
  publisher={Elsevier}
}


% OTHER
@article{umap,
     author = {{McInnes}, L. and {Healy}, J. and {Melville}, J.},
     title = "{UMAP: Uniform Manifold Approximation
     and Projection for Dimension Reduction}",
     journal = {ArXiv e-prints},
     archivePrefix = "arXiv",
     eprint = {1802.03426},
     primaryClass = "stat.ML",
     keywords = {Statistics - Machine Learning,
                 Computer Science - Computational Geometry,
                 Computer Science - Learning},
     year = 2018,
     month = feb,
}

@article{umap_single_cell,
  title={Dimensionality reduction for visualizing single-cell data using UMAP},
  author={Becht, Etienne and McInnes, Leland and Healy, John and Dutertre, Charles-Antoine and Kwok, Immanuel WH and Ng, Lai Guan and Ginhoux, Florent and Newell, Evan W},
  journal={Nature Biotechnology},
  volume={37},
  number={1},
  pages={38},
  year={2019},
  publisher={Nature Publishing Group}
}

@article{distill,
  title={How to use t-SNE effectively},
  author={Wattenberg, Martin and Vi{\'e}gas, Fernanda and Johnson, Ian},
  journal={Distill},
  volume={1},
  number={10},
  pages={e2},
  year={2016}
}

@article{cca,
  title={Integrating single-cell transcriptomic data across different conditions, technologies, and species},
  author={Butler, Andrew and Hoffman, Paul and Smibert, Peter and Papalexi, Efthymia and Satija, Rahul},
  journal={Nature Biotechnology},
  volume={36},
  number={5},
  pages={411},
  year={2018},
  publisher={Nature Publishing Group}
}

@article{mnn,
  title={Batch effects in single-cell RNA-sequencing data are corrected by matching mutual nearest neighbors},
  author={Haghverdi, Laleh and Lun, Aaron TL and Morgan, Michael D and Marioni, John C},
  journal={Nature Biotechnology},
  volume={36},
  number={5},
  pages={421},
  year={2018},
  publisher={Nature Publishing Group}
}

@article{seurat,
  title={Comprehensive Integration of Single-Cell Data},
  author={Stuart, Tim and Butler, Andrew and Hoffman, Paul and Hafemeister, Christoph and Papalexi, Efthymia and Mauck III, William M and Hao, Yuhan and Stoeckius, Marlon and Smibert, Peter and Satija, Rahul},
  journal={Cell},
  year={2019},
  publisher={Elsevier}
}

@article{cell_ontology,
  title={An ontology for cell types},
  author={Bard, Jonathan and Rhee, Seung Y and Ashburner, Michael},
  journal={Genome Biology},
  volume={6},
  number={2},
  pages={R21},
  year={2005},
  publisher={BioMed Central}
}

@article{Domingos2012-CACM,
  title={A few useful things to know about machine learning.},
  author={Domingos, Pedro M},
  journal={Communications fo the ACM},
  volume={55},
  number={10},
  pages={78--87},
  year={2012}
}

@article{scanpy,
  title={SCANPY: large-scale single-cell gene expression data analysis},
  author={Wolf, F Alexander and Angerer, Philipp and Theis, Fabian J},
  journal={Genome Biology},
  volume={19},
  number={1},
  pages={15},
  year={2018},
  publisher={BioMed Central}
}

@inproceedings{domain_shift,
  title={Domain adaptation for object recognition: An unsupervised approach},
  author={Gopalan, Raghuraman and Li, Ruonan and Chellappa, Rama},
  booktitle={2011 International Conference on Computer Vision},
  pages={999--1006},
  year={2011},
  organization={IEEE}
}

@article{covariate_shift,
  title={Discriminative learning under covariate shift},
  author={Bickel, Steffen and Br{\"u}ckner, Michael and Scheffer, Tobias},
  journal={Journal of Machine Learning Research},
  volume={10},
  number={Sep},
  pages={2137--2155},
  year={2009}
}

@book{dataset_shift,
  title={Dataset shift in machine learning},
  author={Quionero-Candela, Joaquin and Sugiyama, Masashi and Schwaighofer, Anton and Lawrence, Neil D},
  year={2009},
  publisher={The MIT Press}
}

@article{umi,
  title={Quantitative single-cell RNA-seq with unique molecular identifiers},
  author={Islam, Saiful and Zeisel, Amit and Joost, Simon and La Manno, Gioele and Zajac, Pawel and Kasper, Maria and L{\"o}nnerberg, Peter and Linnarsson, Sten},
  journal={Nature Methods},
  volume={11},
  number={2},
  pages={163},
  year={2014},
  publisher={Nature Publishing Group}
}

@article{hca,
  title={The Human Cell Atlas: from vision to reality},
  author={Rozenblatt-Rosen, Orit and Stubbington, Michael JT and Regev, Aviv and Teichmann, Sarah A},
  journal={Nature News},
  volume={550},
  number={7677},
  pages={451},
  year={2017}
}

@article{scmap,
  title={scmap: projection of single-cell RNA-seq data across data sets},
  author={Kiselev, Vladimir Yu and Yiu, Andrew and Hemberg, Martin},
  journal={Nature Methods},
  volume={15},
  number={5},
  pages={359},
  year={2018},
  publisher={Nature Publishing Group}
}

